@misc{ wiki,
   author = "Wikipedia",
   title = "Undersampling",
   year = "2020",
   url = "https://en.wikipedia.org/wiki/Undersampling",
   note = "[Online; accessed  21-July-2020]"
 }